@article{klarner20182018,
	title        = {2018 state legislative election forecasts},
	author       = {Klarner, Carl E},
	year         = 2018,
	journal      = {PS: Political Science \& Politics},
	publisher    = {Cambridge University Press},
	volume       = 51,
	number       = {S1},
	pages        = {21--27}
}
@article{klarner2010forecasting,
	title        = {Forecasting the 2010 state legislative elections},
	author       = {Klarner, Carl},
	year         = 2010,
	journal      = {PS: Political Science \& Politics},
	publisher    = {Cambridge University Press},
	volume       = 43,
	number       = 4,
	pages        = {643--648}
}
@article{linzer2013dynamic,
	title        = {Dynamic Bayesian forecasting of presidential elections in the states},
	author       = {Linzer, Drew A},
	year         = 2013,
	journal      = {Journal of the American Statistical Association},
	publisher    = {Taylor \& Francis},
	volume       = 108,
	number       = 501,
	pages        = {124--134}
}
@article{bardwell2004state,
	title        = {State-level forecasts of US Senate Elections},
	author       = {Bardwell, Kedron and Lewis-Beck, Michael S},
	year         = 2004,
	journal      = {PS: Political Science \& Politics},
	publisher    = {Cambridge University Press},
	volume       = 37,
	number       = 4,
	pages        = {821--826}
}
@article{Marcinkiewicz_Stegmaier_2025,
	title        = {Predicting Support for the Christian Democrats in the 2025 German Bundestag Election: A state-level approach},
	author       = {Marcinkiewicz, Kamil and Stegmaier, Mary},
	year         = 2025,
	journal      = {PS: Political Science &#38; Politics},
	pages        = {1–15},
	doi          = {10.1017/S1049096525000125}
}
<div></div>
@article{mongrain202110,
	title        = {10 Downing Street: who’s next? Seemingly unrelated regressions to forecast UK election results},
	author       = {Mongrain, Philippe},
	year         = 2021,
	journal      = {Journal of Elections, Public Opinion and Parties},
	publisher    = {Taylor \& Francis},
	volume       = 31,
	number       = 1,
	pages        = {22--32}
}
@article{enns2024understanding,
	title        = {Understanding Biden’s Exit and the 2024 Election: The State Presidential Approval/State Economy Model},
	author       = {Enns, Peter K and Colner, Jonathan and Kumar, Anusha and Lagodny, Julius},
	year         = 2024,
	journal      = {PS: Political Science \& Politics},
	publisher    = {Cambridge University Press},
	pages        = {1--8}
}
@article{erikson2015gubernatorial,
	title        = {{A gubernatorial helping hand? How governors affect presidential elections}},
	author       = {Erikson, Robert S and Folke, Olle and Snyder Jr, James M},
	year         = 2015,
	journal      = {The Journal of Politics},
	publisher    = {University of Chicago Press Chicago, IL},
	volume       = 77,
	number       = 2,
	pages        = {491--504}
}
@article{Lewis-Beck_Dassonneville_2015,
	title        = {Comparative election forecasting: Further insights from synthetic models},
	author       = {Lewis-Beck, Michael S. and Dassonneville, Ruth},
	year         = 2015,
	journal      = {Electoral Studies},
	volume       = 39,
	pages        = {275--283},
	doi          = {10.1016/j.electstud.2015.06.008}
}
@article{Lewis-Beck_Nadeau_Belanger_2016,
	title        = {The British general election: Synthetic forecasts},
	author       = {Lewis-Beck, Michael S. and Nadeau, Richard and Bélanger, Eric},
	year         = 2016,
	journal      = {Electoral Studies},
	volume       = 41,
	pages        = {264--268},
	doi          = {10.1016/j.electstud.2015.11.007}
}
@article{singh2012differentiating,
	title        = {{Differentiating winners: How elections affect satisfaction with democracy}},
	author       = {Singh, Shane and Karako{\c{c}}, Ekrem and Blais, Andr{\'e}},
	year         = 2012,
	journal      = {Electoral Studies},
	publisher    = {Elsevier},
	volume       = 31,
	number       = 1,
	pages        = {201--211}
}
@article{hearl1996distinctiveness,
	title        = {Distinctiveness of regional voting: A comparative analysis across the European Community (1979--1993)},
	author       = {Hearl, Derek J and Budge, Ian and Pearson, Bernard},
	year         = 1996,
	journal      = {Electoral Studies},
	publisher    = {Elsevier},
	volume       = 15,
	number       = 2,
	pages        = {167--182}
}
@article{chen2023polls,
	title        = {Polls, context, and time: a dynamic hierarchical Bayesian forecasting model for US senate elections},
	author       = {Chen, Yehu and Garnett, Roman and Montgomery, Jacob M},
	year         = 2023,
	journal      = {Political Analysis},
	publisher    = {Cambridge University Press},
	volume       = 31,
	number       = 1,
	pages        = {113--133}
}
@article{kang2024forecasting,
	title        = {Forecasting South Korea’s presidential election via multiparty dynamic Bayesian modeling},
	author       = {Kang, Seungwoo and Oh, Hee-Seok},
	year         = 2024,
	journal      = {International Journal of Forecasting},
	publisher    = {Elsevier},
	volume       = 40,
	number       = 1,
	pages        = {124--141}
}
@article{uppal2011does,
	title        = {{Does legislative turnover adversely affect state expenditure policy? Evidence from Indian state elections}},
	author       = {Uppal, Yogesh},
	year         = 2011,
	journal      = {Public Choice},
	publisher    = {Springer},
	volume       = 147,
	pages        = {189--207}
}
@article{lewis2005election,
	title        = {{Election forecasting: Principles and practice}},
	author       = {Lewis-Beck, Michael S},
	year         = 2005,
	journal      = {The British Journal of Politics and International Relations},
	publisher    = {SAGE Publications Sage UK: London, England},
	volume       = 7,
	number       = 2,
	pages        = {145--164}
}
@article{arzheimer2019don,
	title        = {{Don't mention the war: How populist right-wing radicalism became (almost) normal in {Germany}}},
	author       = {Arzheimer, Kai},
	year         = 2019,
	journal      = {J. Common Market Studies},
	publisher    = {HeinOnline},
	volume       = 57,
	pages        = 90
}
@article{alt2000dynamic,
	title        = {{A dynamic model of state budget outcomes under divided partisan government}},
	author       = {Alt, James E and Lowry, Robert C},
	year         = 2000,
	journal      = {Journal of Politics},
	publisher    = {Wiley Online Library},
	volume       = 62,
	number       = 4,
	pages        = {1035--1069}
}
@article{lewis2015forecasting,
	title        = {{Forecasting elections in Europe: Synthetic models}},
	author       = {Lewis-Beck, Michael S and Dassonneville, Ruth},
	year         = 2015,
	journal      = {Research \& Politics},
	publisher    = {SAGE Publications Sage UK: London, England},
	volume       = 2,
	number       = 1,
	pages        = 2053168014565128
}
@article{nadeau2020election,
	title        = {{Are election results more unpredictable? A forecasting test}},
	author       = {Nadeau, Richard and Dassonneville, Ruth and Lewis-Beck, Michael S and Mongrain, Philippe},
	year         = 2020,
	journal      = {Political Science Research and Methods},
	publisher    = {Cambridge University Press},
	volume       = 8,
	number       = 4,
	pages        = {764--771}
}
@article{kayser2017lander,
	title        = {{A L{\"a}nder-based forecast of the 2017 {German} {Bundestag} election}},
	author       = {Kayser, Mark A and Leininger, Arndt},
	year         = 2017,
	journal      = {PS: Political Science \& Politics},
	publisher    = {Cambridge University Press},
	volume       = 50,
	number       = 3,
	pages        = {689--692}
}
@article{kayser2022lander,
	title        = {{A L{\"a}nder-Based Forecast of the 2021 German Bundestag Election}},
	author       = {Kayser, Mark A and Leininger, Arndt and Vlasenko, Anastasiia},
	year         = 2022,
	journal      = {PS: Political Science \& Politics},
	publisher    = {Cambridge University Press},
	volume       = 55,
	number       = 1,
	pages        = {79--84}
}
@article{stegmaier2022forecasting,
	title        = {{Forecasting German Elections}},
	author       = {Stegmaier, Mary},
	year         = 2022,
	journal      = {PS: Political Science \& Politics},
	publisher    = {Cambridge University Press},
	volume       = 55,
	number       = 1,
	pages        = {64--68}
}
@article{stegmaier2023evolution,
	title        = {{The evolution of election forecasting models in the UK}},
	author       = {Stegmaier, Mary and Jokinsky, Steven and Lewis-Beck, Michael S},
	year         = 2023,
	journal      = {Electoral Studies},
	publisher    = {Elsevier},
	volume       = 86,
	pages        = 102694
}
@article{jennings2018election,
	title        = {{Election polling errors across time and space}},
	author       = {Jennings, Will and Wlezien, Christopher},
	year         = 2018,
	journal      = {Nature Human Behaviour},
	publisher    = {Nature Publishing Group},
	volume       = 2,
	number       = 4,
	pages        = {276--283}
}
@article{jackman2005pooling,
	title        = {{Pooling the polls over an election campaign}},
	author       = {Jackman, Simon},
	year         = 2005,
	journal      = {Australian Journal of Political Science},
	publisher    = {Taylor \& Francis},
	volume       = 40,
	number       = 4,
	pages        = {499--517}
}
@article{shirani2018disentangling,
	title        = {{Disentangling bias and variance in election polls}},
	author       = {Shirani-Mehr, Houshmand and Rothschild, David and Goel, Sharad and Gelman, Andrew},
	year         = 2018,
	journal      = {Journal of the American Statistical Association},
	publisher    = {Taylor \& Francis},
	volume       = 113,
	number       = 522,
	pages        = {607--614}
}
@article{selb2023bias,
	title        = {{Bias and Variance in Multiparty Election Polls}},
	author       = {Selb, Peter and Chen, Sina and K{\"o}rtner, John and Bosch, Philipp},
	year         = 2023,
	journal      = {Public Opinion Quarterly},
	publisher    = {Oxford University Press},
	volume       = 87,
	number       = 4,
	pages        = {1025--1037}
}
@article{munzert2017forecasting,
	title        = {{Forecasting elections at the constituency level: A correction--combination procedure}},
	author       = {Munzert, Simon},
	year         = 2017,
	journal      = {International Journal of Forecasting},
	publisher    = {Elsevier},
	volume       = 33,
	number       = 2,
	pages        = {467--481}
}
@article{eggers_incumbency_2017,
	title        = {{Incumbency Effects and the Strength of Party Preferences: Evidence from Multiparty Elections in the United Kingdom}},
	author       = {Eggers, Andrew C. and Spirling, Arthur},
	year         = 2017,
	journal      = {The Journal of Politics},
	volume       = 79,
	number       = 3,
	pages        = {903--920},
	doi          = {10.1086/690617},
	url          = {https://doi.org/10.1086/690617},
	eprint       = {https://doi.org/10.1086/690617}
}
@article{allers2022parties,
	title        = {{When are parties punished for serving in a coalition government?}},
	author       = {Allers, Maarten and Rienks, Harm and de Natris, Joes},
	year         = 2022,
	journal      = {Electoral Studies},
	publisher    = {Elsevier},
	volume       = 79,
	pages        = 102516
}
@article{BORGES2016104,
	title        = {{Presidential coattails and electoral coordination in multilevel elections: Comparative lessons from {Brazil}}},
	author       = {André Borges and Ryan Lloyd},
	year         = 2016,
	journal      = {Electoral Studies},
	volume       = 43,
	pages        = {104--114},
	doi          = {https://doi.org/10.1016/j.electstud.2016.05.009},
	url          = {https://www.sciencedirect.com/science/article/pii/S0261379416302104}
}
@article{MEREDITH_2013,
	title        = {{Exploiting Friends-and-Neighbors to Estimate Coattail Effects}},
	author       = {Meredith, Marc},
	year         = 2013,
	journal      = {American Political Science Review},
	volume       = 107,
	number       = 4,
	pages        = {742–765},
	doi          = {10.1017/S0003055413000439}
}
@book{cox1997making,
	title        = {{Making votes count: strategic coordination in the world’s electoral systems}},
	author       = {Cox, Gary W},
	year         = 1997,
	publisher    = {Cambridge University Press}
}
@article{valentim_right_2021,
	title        = {{Parliamentary Representation and the Normalization of Radical Right Support}},
	author       = {Vicente Valentim},
	year         = 2021,
	journal      = {Comparative Political Studies},
	volume       = 54,
	number       = 14,
	pages        = {2475--2511},
	nodoi        = {10.1177/0010414021997159}
}
@article{converse_information_1962,
	title        = {{Information flow and the stability of partisan attitudes}},
	author       = {Converse, P.E.},
	year         = 1962,
	journal      = {Public Opinion Quarterly},
	volume       = 26,
	number       = 4,
	pages        = {578--599},
	doi          = {10.1086/267129},
	url          = {https://www.scopus.com/inward/record.uri?eid=2-s2.0-0000408241&doi=10.1086%2f267129&partnerID=40&md5=5ce7aaa55b4f82d3c2f10834a65a14b4}
}
@incollection{campbell_impact_1960,
	title        = {{The {Impact} of {Party} {Identification}. {Chapter} 6}},
	author       = {Campbell, Angus and Converse, Philip E. and Miller, Warren and Stokes, Donald E.},
	year         = 1960,
	booktitle    = {The {American} {Voter}},
	publisher    = {Wiley},
	address      = {New York},
	pages        = {120--145}
}
@book{campbell1980american,
	title        = {{The american voter}},
	author       = {Campbell, Angus},
	year         = 1980,
	publisher    = {University of Chicago Press}
}
@misc{stoetzer_erfort_preregistration_2024a,
	title        = {{Election Forecast for State Elections in Saxony and Thuringia on 1st September 2024}},
	author       = {Stoetzer, Lukas and Erfort, Cornelius},
	year         = 2024,
	month        = {August},
	day          = 30,
	note         = {GNU General Public License (GPL) 2.0, Accessed: 2024-08-30},
	howpublished = {\url{https://osf.io/a8rc7}}
}
@misc{stoetzer_erfort_preregistration_2024,
	title        = {{Election Forecast for State Election in Brandenburg on 22 September 2024}},
	author       = {Stoetzer, Lukas and Erfort, Cornelius},
	year         = 2024,
	month        = {September},
	day          = 20,
	note         = {GNU General Public License (GPL) 2.0, Accessed: 2024-09-20},
	howpublished = {\url{https://osf.io/3vnzd}}
}
@misc{wahlrecht_state_polls,
	title        = {{Wahlrecht.de State Election Polls}},
	author       = {{Wahlrecht}},
	year         = 2024,
	note         = {Accessed: 2024-09-05},
	howpublished = {\url{https://www.wahlrecht.de/umfragen/landtage}}
}
@misc{dawum_state_polls,
	title        = {{Dawum.de State Election Polls}},
	author       = {{Dawum}},
	year         = 2024,
	note         = {Accessed: 2024-09-05},
	howpublished = {\url{https://www.dawum.de}}
}
@article{neunhoeffer2020ansatz,
	title        = {{Ein Ansatz zur {Vorhersage} der {Erststimmenanteile} bei {Bundestagswahlen}}},
	author       = {Neunhoeffer, Marcel and Gschwend, Thomas and Munzert, Simon and Stoetzer, Lukas F},
	year         = 2020,
	journal      = {Politische Vierteljahresschrift},
	publisher    = {Springer},
	volume       = 61,
	number       = 1,
	pages        = {111--130}
}
@book{west1997,
	title        = {{Bayesian Forecasting and Dynamic Models}},
	author       = {West, Mike and Harrison, Jeff},
	year         = 1997,
	publisher    = {Springer},
	address      = {New York},
	edition      = {2nd}
}
@article{carpenter2017stan,
	title        = {{Stan: A probabilistic programming language}},
	author       = {Carpenter, Bob and Gelman, Andrew and Hoffman, Matthew D and Lee, Daniel and Goodrich, Ben and Betancourt, Michael and Brubaker, Marcus and Guo, Jiqiang and Li, Peter and Riddell, Allen},
	year         = 2017,
	journal      = {Journal of Statistical Software},
	publisher    = {Foundation for Open Access Statistics},
	volume       = 76,
	number       = 1,
	pages        = {1--32}
}
@manual{rstanarm,
	title        = {{rstanarm: Bayesian applied regression modeling via Stan}},
	author       = {Ben Goodrich and Jonah Gabry and Imad Ali and Sam Brilleman},
	year         = 2020,
	url          = {https://mc-stan.org/rstanarm/},
	note         = {R package version 2.21.1}
}
@article{petris2010dlm,
	title        = {{An R package for dynamic linear models}},
	author       = {Petris, Giovanni},
	year         = 2010,
	journal      = {Journal of Statistical Software},
	volume       = 36,
	number       = 12,
	pages        = {1--16},
	url          = {http://www.jstatsoft.org/v36/i12/}
}
@article{stoetzer2020estimating,
	title        = {{Estimating coalition majorities during political campaigns based on pre-election polls}},
	author       = {Stoetzer, Lukas F and Orlowski, Matthias},
	year         = 2020,
	journal      = {Journal of Elections, Public Opinion and Parties},
	publisher    = {Taylor \& Francis},
	volume       = 30,
	number       = 1,
	pages        = {126--137}
}
@article{walther2015picking,
	title        = {{Picking the winner (s): Forecasting elections in multiparty systems}},
	author       = {Walther, Daniel},
	year         = 2015,
	journal      = {Electoral Studies},
	publisher    = {Elsevier},
	volume       = 40,
	pages        = {1--13}
}
@misc{Orlowski2016,
	title        = {{Dynamic linear models for trial heat polls in multi-party elections}},
	author       = {Orlowski, Matthias and Stoetzer, Lukas F},
	year         = 2016
}
@article{munzert_2017,
	title        = {{Zweitstimme.org. Ein strukturell-dynamisches {Vorhersagemodell} für {Bundestagswahlen}}},
	author       = {Simon Munzert and Lukas Stötzer and Thomas Gschwend and Marcel Neunhoeffer and Sebastian Sternberg},
	year         = 2017,
	journal      = {Politische Vierteljahresschrift},
	publisher    = {Nomos Verlagsgesellschaft mbH},
	volume       = 58,
	number       = 3,
	pages        = {418--441},
	url          = {http://www.jstor.org/stable/26427772},
	urldate      = {2024-09-02}
}
@article{Stoetzer_Neunhoeffer_Gschwend_Munzert_Sternberg_2019,
	title        = {{Forecasting Elections in Multiparty Systems: A Bayesian Approach Combining Polls and Fundamentals}},
	author       = {Stoetzer, Lukas F. and Neunhoeffer, Marcel and Gschwend, Thomas and Munzert, Simon and Sternberg, Sebastian},
	year         = 2019,
	journal      = {Political Analysis},
	volume       = 27,
	number       = 2,
	pages        = {255–262},
	doi          = {10.1017/pan.2018.49}
}
<div></div>
@article{MONTALVO201952,
	title        = {{Bayesian forecasting of electoral outcomes with new parties’ competition}},
	author       = {José G. Montalvo and Omiros Papaspiliopoulos and Timothée Stumpf-Fétizon},
	year         = 2019,
	journal      = {European Journal of Political Economy},
	volume       = 59,
	pages        = {52--70},
	doi          = {https://doi.org/10.1016/j.ejpoleco.2019.01.006},
	url          = {https://www.sciencedirect.com/science/article/pii/S0176268018302398}
}
@article{Chen_Garnett_Montgomery_2023,
	title        = {{Polls, Context, and Time: A Dynamic Hierarchical Bayesian Forecasting Model for US Senate Elections}},
	author       = {Chen, Yehu and Garnett, Roman and Montgomery, Jacob M.},
	year         = 2023,
	journal      = {Political Analysis},
	volume       = 31,
	number       = 1,
	pages        = {113–133},
	doi          = {10.1017/pan.2021.42}
}
<div></div>
@article{LAUDERDALE2020399,
	title        = {{Model-based pre-election polling for national and sub-national outcomes in the US and UK}},
	author       = {Benjamin E. Lauderdale and Delia Bailey and Jack Blumenau and Douglas Rivers},
	year         = 2020,
	journal      = {International Journal of Forecasting},
	volume       = 36,
	number       = 2,
	pages        = {399--413},
	doi          = {https://doi.org/10.1016/j.ijforecast.2019.05.012},
	url          = {https://www.sciencedirect.com/science/article/pii/S016920701930189X}
}
@article{hanretty2021forecasting,
	title        = {{Forecasting multiparty by-elections using Dirichlet regression}},
	author       = {Hanretty, Chris},
	year         = 2021,
	journal      = {International Journal of Forecasting},
	publisher    = {Elsevier},
	volume       = 37,
	number       = 4,
	pages        = {1666--1676}
}
@article{hummel2014fundamental,
	title        = {{Fundamental models for forecasting elections at the state level}},
	author       = {Hummel, Patrick and Rothschild, David},
	year         = 2014,
	journal      = {Electoral Studies},
	publisher    = {Elsevier},
	volume       = 35,
	pages        = {123--139}
}
@article{Harsgor2023,
	title        = {{Do coalition and formateur expectations affect vote switching?}},
	author       = {Harsgor, Liran and Itzkovitch-Malka, Reut and Tuttnauer, Or},
	year         = 2023,
	journal      = {European Political Science Review},
	volume       = 15,
	number       = 1,
	pages        = {96--115},
	doi          = {10.1017/S1755773922000455},
	file         = {:Users/gschwend/Documents/Mendeley Desktop/Harsgor, Itzkovitch-Malka, Tuttnauer/European Political Science Review/Harsgor, Itzkovitch-Malka, Tuttnauer - 2023 - Do coalition and formateur expectations affect vote switching.pdf:pdf},
	keywords     = {Israeli elections,coalitions,government formateur,strategic voting,vote switching}
}
@book{Brauninger2020,
	title        = {{Parteienwettbewerb in den deutschen Bundesl{\"{a}}ndern}},
	author       = {Br{\"{a}}uninger, Thomas and Debus, Marc and M{\"{u}}ller, Jochen and Stecker, Christian},
	year         = 2020,
	booktitle    = {Parteienwettbewerb in den deutschen Bundesl{\"{a}}ndern},
	publisher    = {Springer VS},
	address      = {Wiesbaden},
	doi          = {10.1007/978-3-658-29222-5},
	isbn         = {978-3-658-29221-8},
	file         = {:Users/gschwend/Documents/Mendeley Desktop/Br{\"{a}}uninger et al/Parteienwettbewerb in den deutschen Bundesl{\"{a}}ndern/Br{\"{a}}uninger et al. - 2020 - Parteienwettbewerb in den deutschen Bundesl{\"{a}}ndern.pdf:pdf},
	mendeley-groups = {Zweitstimme_PVS/Coalition}
}
@article{Meffert2010,
	title        = {{Strategic coalition voting: Evidence from Austria}},
	author       = {Meffert, Michael F. and Gschwend, Thomas},
	year         = 2010,
	month        = {sep},
	journal      = {Electoral Studies},
	publisher    = {Elsevier Ltd},
	volume       = 29,
	number       = 3,
	pages        = {339--349},
	doi          = {10.1016/j.electstud.2010.03.005},
	file         = {:Users/gschwend/Documents/Mendeley Desktop/Meffert, Gschwend/Electoral Studies/Meffert, Gschwend - 2010 - Strategic coalition voting Evidence from Austria.pdf:pdf},
	keywords     = {Coalitions,Electoral expectations,Proportional representation,Rational choice,Strategic voting},
	mendeley-groups = {Strategic Voting/Lukas/DFG Antrag,Teaching/HauptseminarHWS14,Coalition,Strategic Voting/3- Types of strategies,Strategic Voting/CoalitionPerception,Coalition/EPSA paper Vignetten,Strategic Voting,Strategic Voting/Coalition Perception,Coalition/Antwortzeit}
}
@article{Kedar2006a,
	title        = {{How voters work around institutions: Policy balancing in staggered elections}},
	author       = {Kedar, Orit},
	year         = 2006,
	month        = {sep},
	journal      = {Electoral Studies},
	volume       = 25,
	number       = 3,
	pages        = {509--527},
	doi          = {10.1016/j.electstud.2005.06.011},
	file         = {:Users/gschwend/Documents/Mendeley Desktop/Kedar/Electoral Studies/Kedar - 2006 - How voters work around institutions Policy balancing in staggered elections.pdf:pdf},
	keywords     = {Compensational voting,Elections,Federal,Germany,Policy balancing,Staggered},
	mendeley-groups = {Multilevel Elections/OUP Book,Multilevel Elections}
}
@incollection{Converse1966,
	title        = {The Concept of Normal Vote},
	author       = {Philip E. Converse},
	year         = 1966,
	booktitle    = {Elections and the Political Order},
	publisher    = {Wiley},
	address      = {New York},
	pages        = {9--39},
	editor       = {Angus Campbell and Philip E. Converse and Warren E. Miller and Donald E. Stokes}
}
